@Book{latticePkg,
  title = {Lattice: Multivariate Data Visualization with R},
  author = {Deepayan Sarkar},
  publisher = {Springer},
  address = {New York},
  year = {2008},
  note = {ISBN 978-0-387-75968-5},
  url = {http://lmdvr.r-forge.r-project.org},
}

@Manual{survivalPkg,
  title = {A Package for Survival Analysis in S},
  author = {Terry M Therneau},
  year = {2015},
  note = {version 2.38},
  url = {http://CRAN.R-project.org/package=survival},
}


  @Manual{RItself,
    title = {R: A Language and Environment for Statistical Computing},
    author = {{R Core Team}},
    organization = {R Foundation for Statistical Computing},
    address = {Vienna, Austria},
    year = {2016},
    url = {https://www.R-project.org/},
  }


  @Article{qccPkg,
    title = {qcc: an R package for quality control charting and statistical process control},
    author = {Luca Scrucca},
    journal = {R News},
    year = {2004},
    pages = {11--17},
    volume = {4/1},
    url = {http://CRAN.R-project.org/doc/Rnews/},
  }

  @Manual{data.tablePkg,
    title = {data.table: Extension of Data.frame},
    author = {M Dowle and A Srinivasan and T Short and S Lianoglou with contributions from R Saporta and E Antonyan},
    year = {2015},
    note = {R package version 1.9.6},
    url = {https://CRAN.R-project.org/package=data.table},
  }


  @Article{lubridatePkg,
    title = {Dates and Times Made Easy with {lubridate}},
    author = {Garrett Grolemund and Hadley Wickham},
    journal = {Journal of Statistical Software},
    year = {2011},
    volume = {40},
    number = {3},
    pages = {1--25},
    url = {http://www.jstatsoft.org/v40/i03/},
  }


  @Manual{dplyrPkg,
    title = {dplyr: A Grammar of Data Manipulation},
    author = {Hadley Wickham and Romain Francois},
    year = {2015},
    note = {R package version 0.4.3},
    url = {https://CRAN.R-project.org/package=dplyr},
  }


@article{GodfreyEtAl2014KidneyPaper,
author={A. Jonathan R. Godfrey and  Greig K. G. Russell and Brigid D. Betz-Stablein},
year={2016},
title={Monitoring acute and chronic kidney failure},
doi={10.1080/08982112.2015.1075555},
url={http://dx.doi.org/10.1080/08982112.2015.1075555},
journal={Quality Engineering},
volume={28},
number=2,
month=Apr,
pages={184-192}
}



@article{jha2013chronic,
 title={Chronic kidney disease: global dimension and perspectives},
 author={Jha, Vivekanand and Garcia-Garcia, Guillermo and Iseki, Kunitoshi and Li, Zuo and Naicker, Saraladevi and Plattner, Brett and Saran, Rajiv and Wang, Angela Yee-Moon and Yang, Chih-Wei},
 journal={The Lancet},
 volume={382},
 number={9888},
 pages={260--272},
 year={2013},
 publisher={Elsevier}
}
@article{kerr2012estimating,
 title={Estimating the financial cost of chronic kidney disease to the NHS in England},
 author={Kerr, Marion and Bray, Benjamin and Medcalf, James and O'Donoghue, Donal J and Matthews, Beverley},
 journal={Nephrology Dialysis Transplantation},
 pages={gfs269},
 year={2012},
 publisher={ERA-EDTA}
}
@article{poon2004wish,
 title={“I wish I had seen this test result earlier!”: dissatisfaction with test result management systems in primary care},
 author={Poon, Eric G and Gandhi, Tejal K and Sequist, Thomas D and Murff, Harvey J and Karson, Andrew S and Bates, David W},
 journal={Archives of internal medicine},
 volume={164},
 number={20},
 pages={2223--2228},
 year={2004},
 publisher={American Medical Association}
}

